@article{lu2013timescales,
  title={Timescales of seawater intrusion and retreat},
  author={Lu, Chunhui and Werner, Adrian D},
  journal={Advances in Water Resources},
  volume={59},
  pages={39--51},
  year={2013},
  publisher={Elsevier}
}

@techreport{guo2002user,
  title={User's guide to SEAWAT; a computer program for simulation of three-dimensional variable-density ground-water flow},
  author={Guo, Weixing and Langevin, Christian David},
  year={2002}
}